%YAML 1.1
%TAG !u! tag:unity3d.com,2011:
--- !u!1001 &100100000
Prefab:
  m_ObjectHideFlags: 1
  serializedVersion: 2
  m_Modification:
    m_TransformParent: {fileID: 0}
    m_Modifications: []
    m_RemovedComponents: []
  m_ParentPrefab: {fileID: 0}
  m_RootGameObject: {fileID: 1004564200690248}
  m_IsPrefabParent: 1
--- !u!1 &1004564200690248
GameObject:
  m_ObjectHideFlags: 0
  m_PrefabParentObject: {fileID: 0}
  m_PrefabInternal: {fileID: 100100000}
  serializedVersion: 5
  m_Component:
  - component: {fileID: 4644210572385396}
  - component: {fileID: 33248360054195660}
  - component: {fileID: 135480564201376518}
  - component: {fileID: 54750224167400050}
  - component: {fileID: 114368415870197664}
  - component: {fileID: 82654540461988090}
  - component: {fileID: 114422232284367210}
  m_Layer: 9
  m_Name: HeroShip
  m_TagString: PickupBlue
  m_Icon: {fileID: 0}
  m_NavMeshLayer: 0
  m_StaticEditorFlags: 0
  m_IsActive: 1
--- !u!1 &1121427815115814
GameObject:
  m_ObjectHideFlags: 1
  m_PrefabParentObject: {fileID: 0}
  m_PrefabInternal: {fileID: 100100000}
  serializedVersion: 5
  m_Component:
  - component: {fileID: 4852728926811676}
  - component: {fileID: 96910448116631962}
  m_Layer: 9
  m_Name: Trail Right (1)
  m_TagString: Untagged
  m_Icon: {fileID: 0}
  m_NavMeshLayer: 0
  m_StaticEditorFlags: 0
  m_IsActive: 1
--- !u!1 &1164835568123788
GameObject:
  m_ObjectHideFlags: 1
  m_PrefabParentObject: {fileID: 0}
  m_PrefabInternal: {fileID: 100100000}
  serializedVersion: 5
  m_Component:
  - component: {fileID: 4260595511440426}
  - component: {fileID: 96945314693536294}
  m_Layer: 9
  m_Name: Trail Right
  m_TagString: Untagged
  m_Icon: {fileID: 0}
  m_NavMeshLayer: 0
  m_StaticEditorFlags: 0
  m_IsActive: 1
--- !u!1 &1353720836946650
GameObject:
  m_ObjectHideFlags: 1
  m_PrefabParentObject: {fileID: 0}
  m_PrefabInternal: {fileID: 100100000}
  serializedVersion: 5
  m_Component:
  - component: {fileID: 4062003860293676}
  - component: {fileID: 33543964549007180}
  - component: {fileID: 23910788237803610}
  m_Layer: 9
  m_Name: Cube
  m_TagString: Untagged
  m_Icon: {fileID: 0}
  m_NavMeshLayer: 0
  m_StaticEditorFlags: 0
  m_IsActive: 1
--- !u!1 &1580765901250726
GameObject:
  m_ObjectHideFlags: 0
  m_PrefabParentObject: {fileID: 0}
  m_PrefabInternal: {fileID: 100100000}
  serializedVersion: 5
  m_Component:
  - component: {fileID: 4599251778573338}
  - component: {fileID: 114719585377344730}
  - component: {fileID: 23012669377755488}
  - component: {fileID: 33104321260397566}
  - component: {fileID: 114220572102349792}
  - component: {fileID: 64664394292537226}
  m_Layer: 9
  m_Name: Cone
  m_TagString: Untagged
  m_Icon: {fileID: 0}
  m_NavMeshLayer: 0
  m_StaticEditorFlags: 0
  m_IsActive: 1
--- !u!1 &1606977441215056
GameObject:
  m_ObjectHideFlags: 1
  m_PrefabParentObject: {fileID: 0}
  m_PrefabInternal: {fileID: 100100000}
  serializedVersion: 5
  m_Component:
  - component: {fileID: 4204921764144672}
  - component: {fileID: 96426275330854810}
  m_Layer: 9
  m_Name: Trail Left
  m_TagString: Untagged
  m_Icon: {fileID: 0}
  m_NavMeshLayer: 0
  m_StaticEditorFlags: 0
  m_IsActive: 1
--- !u!1 &1881196510869998
GameObject:
  m_ObjectHideFlags: 1
  m_PrefabParentObject: {fileID: 0}
  m_PrefabInternal: {fileID: 100100000}
  serializedVersion: 5
  m_Component:
  - component: {fileID: 4314103893965444}
  - component: {fileID: 96965867032080374}
  m_Layer: 9
  m_Name: Trail Left (1)
  m_TagString: Untagged
  m_Icon: {fileID: 0}
  m_NavMeshLayer: 0
  m_StaticEditorFlags: 0
  m_IsActive: 1
--- !u!1 &1969774215565382
GameObject:
  m_ObjectHideFlags: 0
  m_PrefabParentObject: {fileID: 0}
  m_PrefabInternal: {fileID: 100100000}
  serializedVersion: 5
  m_Component:
  - component: {fileID: 4539067878218214}
  - component: {fileID: 114900374715610510}
  - component: {fileID: 114823885680148154}
  m_Layer: 9
  m_Name: Laser
  m_TagString: Untagged
  m_Icon: {fileID: 0}
  m_NavMeshLayer: 0
  m_StaticEditorFlags: 0
  m_IsActive: 1
--- !u!1 &1992995444668300
GameObject:
  m_ObjectHideFlags: 0
  m_PrefabParentObject: {fileID: 0}
  m_PrefabInternal: {fileID: 100100000}
  serializedVersion: 5
  m_Component:
  - component: {fileID: 4732859882978750}
  - component: {fileID: 114321155103344986}
  - component: {fileID: 23093144397363746}
  - component: {fileID: 33776657624382898}
  - component: {fileID: 114399916216710030}
  - component: {fileID: 64177344903328326}
  m_Layer: 9
  m_Name: Cone (1)
  m_TagString: Untagged
  m_Icon: {fileID: 0}
  m_NavMeshLayer: 0
  m_StaticEditorFlags: 0
  m_IsActive: 1
--- !u!4 &4062003860293676
Transform:
  m_ObjectHideFlags: 1
  m_PrefabParentObject: {fileID: 0}
  m_PrefabInternal: {fileID: 100100000}
  m_GameObject: {fileID: 1353720836946650}
  m_LocalRotation: {x: -0, y: -0, z: -0, w: 1}
  m_LocalPosition: {x: 0, y: 0, z: 6.250001}
  m_LocalScale: {x: 0.008333336, y: 0.008333335, z: 12.5}
  m_Children: []
  m_Father: {fileID: 4539067878218214}
  m_RootOrder: 0
  m_LocalEulerAnglesHint: {x: 0, y: 0, z: 0}
--- !u!4 &4204921764144672
Transform:
  m_ObjectHideFlags: 1
  m_PrefabParentObject: {fileID: 0}
  m_PrefabInternal: {fileID: 100100000}
  m_GameObject: {fileID: 1606977441215056}
  m_LocalRotation: {x: 0, y: 0, z: 0, w: 1}
  m_LocalPosition: {x: -0.19999993, y: -0.00017539717, z: -0.010073811}
  m_LocalScale: {x: 1, y: 1, z: 1}
  m_Children: []
  m_Father: {fileID: 4732859882978750}
  m_RootOrder: 0
  m_LocalEulerAnglesHint: {x: 0, y: 0, z: 0}
--- !u!4 &4260595511440426
Transform:
  m_ObjectHideFlags: 1
  m_PrefabParentObject: {fileID: 0}
  m_PrefabInternal: {fileID: 100100000}
  m_GameObject: {fileID: 1164835568123788}
  m_LocalRotation: {x: 0, y: 0, z: 0, w: 1}
  m_LocalPosition: {x: 0.039999958, y: 0.005000039, z: -0.026000075}
  m_LocalScale: {x: 1, y: 1, z: 1}
  m_Children: []
  m_Father: {fileID: 4732859882978750}
  m_RootOrder: 1
  m_LocalEulerAnglesHint: {x: 0, y: 0, z: 0}
--- !u!4 &4314103893965444
Transform:
  m_ObjectHideFlags: 1
  m_PrefabParentObject: {fileID: 0}
  m_PrefabInternal: {fileID: 100100000}
  m_GameObject: {fileID: 1881196510869998}
  m_LocalRotation: {x: -0, y: -0, z: -0, w: 1}
  m_LocalPosition: {x: -0.19999993, y: -0.0052632075, z: 0.015601331}
  m_LocalScale: {x: 1, y: 1, z: 1.0000002}
  m_Children: []
  m_Father: {fileID: 4732859882978750}
  m_RootOrder: 3
  m_LocalEulerAnglesHint: {x: 0, y: 0, z: 0}
--- !u!4 &4539067878218214
Transform:
  m_ObjectHideFlags: 1
  m_PrefabParentObject: {fileID: 0}
  m_PrefabInternal: {fileID: 100100000}
  m_GameObject: {fileID: 1969774215565382}
  m_LocalRotation: {x: -0, y: -0, z: -0, w: 1}
  m_LocalPosition: {x: 0, y: 0, z: 0}
  m_LocalScale: {x: 1, y: 1, z: 1}
  m_Children:
  - {fileID: 4062003860293676}
  m_Father: {fileID: 4644210572385396}
  m_RootOrder: 0
  m_LocalEulerAnglesHint: {x: 0, y: 0, z: 0}
--- !u!4 &4599251778573338
Transform:
  m_ObjectHideFlags: 1
  m_PrefabParentObject: {fileID: 0}
  m_PrefabInternal: {fileID: 100100000}
  m_GameObject: {fileID: 1580765901250726}
  m_LocalRotation: {x: 0.7071068, y: -0, z: -0, w: 0.7071068}
  m_LocalPosition: {x: 0.20999984, y: 0, z: -0.09999995}
  m_LocalScale: {x: 2.0833335, y: 2.083336, z: 2.0833366}
  m_Children: []
  m_Father: {fileID: 4644210572385396}
  m_RootOrder: 1
  m_LocalEulerAnglesHint: {x: 90, y: 0, z: 0}
--- !u!4 &4644210572385396
Transform:
  m_ObjectHideFlags: 1
  m_PrefabParentObject: {fileID: 0}
  m_PrefabInternal: {fileID: 100100000}
  m_GameObject: {fileID: 1004564200690248}
  m_LocalRotation: {x: 0, y: 0, z: 0, w: 1}
  m_LocalPosition: {x: -0.24000001, y: 1.18, z: -0.24}
  m_LocalScale: {x: 0.24, y: 0.24000004, z: 0.24000002}
  m_Children:
  - {fileID: 4539067878218214}
  - {fileID: 4599251778573338}
  - {fileID: 4732859882978750}
  m_Father: {fileID: 0}
  m_RootOrder: 0
  m_LocalEulerAnglesHint: {x: 0, y: 0, z: 0}
--- !u!4 &4732859882978750
Transform:
  m_ObjectHideFlags: 1
  m_PrefabParentObject: {fileID: 0}
  m_PrefabInternal: {fileID: 100100000}
  m_GameObject: {fileID: 1992995444668300}
  m_LocalRotation: {x: 0.9979674, y: -0, z: -0, w: 0.06372682}
  m_LocalPosition: {x: 0.16666678, y: 0, z: 0.083333254}
  m_LocalScale: {x: 2.0833335, y: 2.0833342, z: 2.083334}
  m_Children:
  - {fileID: 4204921764144672}
  - {fileID: 4260595511440426}
  - {fileID: 4852728926811676}
  - {fileID: 4314103893965444}
  m_Father: {fileID: 4644210572385396}
  m_RootOrder: 2
  m_LocalEulerAnglesHint: {x: 172.692, y: -0.000015258789, z: -0.000015258789}
--- !u!4 &4852728926811676
Transform:
  m_ObjectHideFlags: 1
  m_PrefabParentObject: {fileID: 0}
  m_PrefabInternal: {fileID: 100100000}
  m_GameObject: {fileID: 1121427815115814}
  m_LocalRotation: {x: -0, y: -0, z: -0, w: 1}
  m_LocalPosition: {x: 0.039999958, y: 0, z: 0}
  m_LocalScale: {x: 1, y: 1, z: 1.0000002}
  m_Children: []
  m_Father: {fileID: 4732859882978750}
  m_RootOrder: 2
  m_LocalEulerAnglesHint: {x: 0, y: 0, z: 0}
--- !u!23 &23012669377755488
MeshRenderer:
  m_ObjectHideFlags: 1
  m_PrefabParentObject: {fileID: 0}
  m_PrefabInternal: {fileID: 100100000}
  m_GameObject: {fileID: 1580765901250726}
  m_Enabled: 1
  m_CastShadows: 2
  m_ReceiveShadows: 1
  m_MotionVectors: 1
  m_LightProbeUsage: 1
  m_ReflectionProbeUsage: 1
  m_Materials:
  - {fileID: 2100000, guid: f46e719ec89386449a8bbfb748df1858, type: 2}
  m_StaticBatchInfo:
    firstSubMesh: 0
    subMeshCount: 0
  m_StaticBatchRoot: {fileID: 0}
  m_ProbeAnchor: {fileID: 0}
  m_LightProbeVolumeOverride: {fileID: 0}
  m_ScaleInLightmap: 1
  m_PreserveUVs: 0
  m_IgnoreNormalsForChartDetection: 0
  m_ImportantGI: 0
  m_SelectedEditorRenderState: 2
  m_MinimumChartSize: 4
  m_AutoUVMaxDistance: 0.5
  m_AutoUVMaxAngle: 89
  m_LightmapParameters: {fileID: 0}
  m_SortingLayerID: 0
  m_SortingOrder: 0
--- !u!23 &23093144397363746
MeshRenderer:
  m_ObjectHideFlags: 1
  m_PrefabParentObject: {fileID: 0}
  m_PrefabInternal: {fileID: 100100000}
  m_GameObject: {fileID: 1992995444668300}
  m_Enabled: 1
  m_CastShadows: 2
  m_ReceiveShadows: 1
  m_MotionVectors: 1
  m_LightProbeUsage: 1
  m_ReflectionProbeUsage: 1
  m_Materials:
  - {fileID: 2100000, guid: f46e719ec89386449a8bbfb748df1858, type: 2}
  m_StaticBatchInfo:
    firstSubMesh: 0
    subMeshCount: 0
  m_StaticBatchRoot: {fileID: 0}
  m_ProbeAnchor: {fileID: 0}
  m_LightProbeVolumeOverride: {fileID: 0}
  m_ScaleInLightmap: 1
  m_PreserveUVs: 0
  m_IgnoreNormalsForChartDetection: 0
  m_ImportantGI: 0
  m_SelectedEditorRenderState: 2
  m_MinimumChartSize: 4
  m_AutoUVMaxDistance: 0.5
  m_AutoUVMaxAngle: 89
  m_LightmapParameters: {fileID: 0}
  m_SortingLayerID: 0
  m_SortingOrder: 0
--- !u!23 &23910788237803610
MeshRenderer:
  m_ObjectHideFlags: 1
  m_PrefabParentObject: {fileID: 0}
  m_PrefabInternal: {fileID: 100100000}
  m_GameObject: {fileID: 1353720836946650}
  m_Enabled: 1
  m_CastShadows: 1
  m_ReceiveShadows: 1
  m_MotionVectors: 1
  m_LightProbeUsage: 1
  m_ReflectionProbeUsage: 1
  m_Materials:
  - {fileID: 2100000, guid: f46e719ec89386449a8bbfb748df1858, type: 2}
  m_StaticBatchInfo:
    firstSubMesh: 0
    subMeshCount: 0
  m_StaticBatchRoot: {fileID: 0}
  m_ProbeAnchor: {fileID: 0}
  m_LightProbeVolumeOverride: {fileID: 0}
  m_ScaleInLightmap: 1
  m_PreserveUVs: 1
  m_IgnoreNormalsForChartDetection: 0
  m_ImportantGI: 0
  m_SelectedEditorRenderState: 3
  m_MinimumChartSize: 4
  m_AutoUVMaxDistance: 0.5
  m_AutoUVMaxAngle: 89
  m_LightmapParameters: {fileID: 0}
  m_SortingLayerID: 0
  m_SortingOrder: 0
--- !u!33 &33104321260397566
MeshFilter:
  m_ObjectHideFlags: 1
  m_PrefabParentObject: {fileID: 0}
  m_PrefabInternal: {fileID: 100100000}
  m_GameObject: {fileID: 1580765901250726}
  m_Mesh: {fileID: 0}
--- !u!33 &33248360054195660
MeshFilter:
  m_ObjectHideFlags: 1
  m_PrefabParentObject: {fileID: 0}
  m_PrefabInternal: {fileID: 100100000}
  m_GameObject: {fileID: 1004564200690248}
  m_Mesh: {fileID: 10207, guid: 0000000000000000e000000000000000, type: 0}
--- !u!33 &33543964549007180
MeshFilter:
  m_ObjectHideFlags: 1
  m_PrefabParentObject: {fileID: 0}
  m_PrefabInternal: {fileID: 100100000}
  m_GameObject: {fileID: 1353720836946650}
  m_Mesh: {fileID: 10202, guid: 0000000000000000e000000000000000, type: 0}
--- !u!33 &33776657624382898
MeshFilter:
  m_ObjectHideFlags: 1
  m_PrefabParentObject: {fileID: 0}
  m_PrefabInternal: {fileID: 100100000}
  m_GameObject: {fileID: 1992995444668300}
  m_Mesh: {fileID: 0}
--- !u!54 &54750224167400050
Rigidbody:
  m_ObjectHideFlags: 1
  m_PrefabParentObject: {fileID: 0}
  m_PrefabInternal: {fileID: 100100000}
  m_GameObject: {fileID: 1004564200690248}
  serializedVersion: 2
  m_Mass: 0.0000001
  m_Drag: 0
  m_AngularDrag: 0
  m_UseGravity: 0
  m_IsKinematic: 1
  m_Interpolate: 0
  m_Constraints: 0
  m_CollisionDetection: 0
--- !u!64 &64177344903328326
MeshCollider:
  m_ObjectHideFlags: 1
  m_PrefabParentObject: {fileID: 0}
  m_PrefabInternal: {fileID: 100100000}
  m_GameObject: {fileID: 1992995444668300}
  m_Material: {fileID: 0}
  m_IsTrigger: 0
  m_Enabled: 0
  serializedVersion: 2
  m_Convex: 0
  m_InflateMesh: 0
  m_SkinWidth: 0.01
  m_Mesh: {fileID: 0}
--- !u!64 &64664394292537226
MeshCollider:
  m_ObjectHideFlags: 1
  m_PrefabParentObject: {fileID: 0}
  m_PrefabInternal: {fileID: 100100000}
  m_GameObject: {fileID: 1580765901250726}
  m_Material: {fileID: 0}
  m_IsTrigger: 0
  m_Enabled: 0
  serializedVersion: 2
  m_Convex: 0
  m_InflateMesh: 0
  m_SkinWidth: 0.01
  m_Mesh: {fileID: 0}
--- !u!82 &82654540461988090
AudioSource:
  m_ObjectHideFlags: 1
  m_PrefabParentObject: {fileID: 0}
  m_PrefabInternal: {fileID: 100100000}
  m_GameObject: {fileID: 1004564200690248}
  m_Enabled: 1
  serializedVersion: 4
  OutputAudioMixerGroup: {fileID: 0}
  m_audioClip: {fileID: 8300000, guid: 4091ad98933d23843b0170f92c299f45, type: 3}
  m_PlayOnAwake: 0
  m_Volume: 1
  m_Pitch: 1
  Loop: 0
  Mute: 0
  Spatialize: 0
  SpatializePostEffects: 0
  Priority: 128
  DopplerLevel: 1
  MinDistance: 1
  MaxDistance: 500
  Pan2D: 0
  rolloffMode: 0
  BypassEffects: 0
  BypassListenerEffects: 0
  BypassReverbZones: 0
  rolloffCustomCurve:
    serializedVersion: 2
    m_Curve:
    - serializedVersion: 2
      time: 0
      value: 1
      inSlope: 0
      outSlope: 0
      tangentMode: 0
    - serializedVersion: 2
      time: 1
      value: 0
      inSlope: 0
      outSlope: 0
      tangentMode: 0
    m_PreInfinity: 2
    m_PostInfinity: 2
    m_RotationOrder: 4
  panLevelCustomCurve:
    serializedVersion: 2
    m_Curve:
    - serializedVersion: 2
      time: 0
      value: 0
      inSlope: 0
      outSlope: 0
      tangentMode: 0
    m_PreInfinity: 2
    m_PostInfinity: 2
    m_RotationOrder: 0
  spreadCustomCurve:
    serializedVersion: 2
    m_Curve:
    - serializedVersion: 2
      time: 0
      value: 0
      inSlope: 0
      outSlope: 0
      tangentMode: 0
    m_PreInfinity: 2
    m_PostInfinity: 2
    m_RotationOrder: 4
  reverbZoneMixCustomCurve:
    serializedVersion: 2
    m_Curve:
    - serializedVersion: 2
      time: 0
      value: 1
      inSlope: 0
      outSlope: 0
      tangentMode: 0
    m_PreInfinity: 2
    m_PostInfinity: 2
    m_RotationOrder: 0
--- !u!96 &96426275330854810
TrailRenderer:
  serializedVersion: 2
  m_ObjectHideFlags: 1
  m_PrefabParentObject: {fileID: 0}
  m_PrefabInternal: {fileID: 100100000}
  m_GameObject: {fileID: 1606977441215056}
  m_Enabled: 1
  m_CastShadows: 1
  m_ReceiveShadows: 0
  m_MotionVectors: 1
  m_LightProbeUsage: 0
  m_ReflectionProbeUsage: 0
  m_Materials:
  - {fileID: 2100000, guid: 3fd1000d0f291474fab67010114d8a4e, type: 2}
  m_StaticBatchInfo:
    firstSubMesh: 0
    subMeshCount: 0
  m_StaticBatchRoot: {fileID: 0}
  m_ProbeAnchor: {fileID: 0}
  m_LightProbeVolumeOverride: {fileID: 0}
  m_ScaleInLightmap: 1
  m_PreserveUVs: 0
  m_IgnoreNormalsForChartDetection: 0
  m_ImportantGI: 0
  m_SelectedEditorRenderState: 3
  m_MinimumChartSize: 4
  m_AutoUVMaxDistance: 0.5
  m_AutoUVMaxAngle: 89
  m_LightmapParameters: {fileID: 0}
  m_SortingLayerID: 0
  m_SortingOrder: 0
  m_Time: 0.25
  m_Parameters:
    serializedVersion: 2
    widthMultiplier: 0.01
    widthCurve:
      serializedVersion: 2
      m_Curve:
      - serializedVersion: 2
        time: 0.01459854
        value: 1
        inSlope: 0
        outSlope: 0
        tangentMode: 0
      - serializedVersion: 2
        time: 0.51351345
        value: 0.02702704
        inSlope: 0
        outSlope: 0
        tangentMode: 0
      m_PreInfinity: 2
      m_PostInfinity: 2
      m_RotationOrder: 0
    colorGradient:
      key0:
        serializedVersion: 2
        rgba: 4294967295
      key1:
        serializedVersion: 2
        rgba: 4294967295
      key2:
        serializedVersion: 2
        rgba: 0
      key3:
        serializedVersion: 2
        rgba: 0
      key4:
        serializedVersion: 2
        rgba: 0
      key5:
        serializedVersion: 2
        rgba: 0
      key6:
        serializedVersion: 2
        rgba: 0
      key7:
        serializedVersion: 2
        rgba: 0
      ctime0: 0
      ctime1: 65535
      ctime2: 0
      ctime3: 0
      ctime4: 0
      ctime5: 0
      ctime6: 0
      ctime7: 0
      atime0: 0
      atime1: 65535
      atime2: 0
      atime3: 0
      atime4: 0
      atime5: 0
      atime6: 0
      atime7: 0
      m_Mode: 0
      m_NumColorKeys: 2
      m_NumAlphaKeys: 2
    numCornerVertices: 0
    numCapVertices: 0
    alignment: 0
    textureMode: 0
  m_MinVertexDistance: 0.04
  m_Autodestruct: 0
--- !u!96 &96910448116631962
TrailRenderer:
  serializedVersion: 2
  m_ObjectHideFlags: 1
  m_PrefabParentObject: {fileID: 0}
  m_PrefabInternal: {fileID: 100100000}
  m_GameObject: {fileID: 1121427815115814}
  m_Enabled: 1
  m_CastShadows: 1
  m_ReceiveShadows: 0
  m_MotionVectors: 1
  m_LightProbeUsage: 0
  m_ReflectionProbeUsage: 0
  m_Materials:
  - {fileID: 2100000, guid: 3fd1000d0f291474fab67010114d8a4e, type: 2}
  m_StaticBatchInfo:
    firstSubMesh: 0
    subMeshCount: 0
  m_StaticBatchRoot: {fileID: 0}
  m_ProbeAnchor: {fileID: 0}
  m_LightProbeVolumeOverride: {fileID: 0}
  m_ScaleInLightmap: 1
  m_PreserveUVs: 0
  m_IgnoreNormalsForChartDetection: 0
  m_ImportantGI: 0
  m_SelectedEditorRenderState: 3
  m_MinimumChartSize: 4
  m_AutoUVMaxDistance: 0.5
  m_AutoUVMaxAngle: 89
  m_LightmapParameters: {fileID: 0}
  m_SortingLayerID: 0
  m_SortingOrder: 0
  m_Time: 0.25
  m_Parameters:
    serializedVersion: 2
    widthMultiplier: 0.01
    widthCurve:
      serializedVersion: 2
      m_Curve:
      - serializedVersion: 2
        time: 0.01459854
        value: 1
        inSlope: 0
        outSlope: 0
        tangentMode: 0
      - serializedVersion: 2
        time: 0.51351345
        value: 0.02702704
        inSlope: 0
        outSlope: 0
        tangentMode: 0
      m_PreInfinity: 2
      m_PostInfinity: 2
      m_RotationOrder: 0
    colorGradient:
      key0:
        serializedVersion: 2
        rgba: 4294967295
      key1:
        serializedVersion: 2
        rgba: 4294967295
      key2:
        serializedVersion: 2
        rgba: 0
      key3:
        serializedVersion: 2
        rgba: 0
      key4:
        serializedVersion: 2
        rgba: 0
      key5:
        serializedVersion: 2
        rgba: 0
      key6:
        serializedVersion: 2
        rgba: 0
      key7:
        serializedVersion: 2
        rgba: 0
      ctime0: 0
      ctime1: 65535
      ctime2: 0
      ctime3: 0
      ctime4: 0
      ctime5: 0
      ctime6: 0
      ctime7: 0
      atime0: 0
      atime1: 65535
      atime2: 0
      atime3: 0
      atime4: 0
      atime5: 0
      atime6: 0
      atime7: 0
      m_Mode: 0
      m_NumColorKeys: 2
      m_NumAlphaKeys: 2
    numCornerVertices: 0
    numCapVertices: 0
    alignment: 0
    textureMode: 0
  m_MinVertexDistance: 0.04
  m_Autodestruct: 0
--- !u!96 &96945314693536294
TrailRenderer:
  serializedVersion: 2
  m_ObjectHideFlags: 1
  m_PrefabParentObject: {fileID: 0}
  m_PrefabInternal: {fileID: 100100000}
  m_GameObject: {fileID: 1164835568123788}
  m_Enabled: 1
  m_CastShadows: 1
  m_ReceiveShadows: 0
  m_MotionVectors: 1
  m_LightProbeUsage: 0
  m_ReflectionProbeUsage: 0
  m_Materials:
  - {fileID: 2100000, guid: 3fd1000d0f291474fab67010114d8a4e, type: 2}
  m_StaticBatchInfo:
    firstSubMesh: 0
    subMeshCount: 0
  m_StaticBatchRoot: {fileID: 0}
  m_ProbeAnchor: {fileID: 0}
  m_LightProbeVolumeOverride: {fileID: 0}
  m_ScaleInLightmap: 1
  m_PreserveUVs: 0
  m_IgnoreNormalsForChartDetection: 0
  m_ImportantGI: 0
  m_SelectedEditorRenderState: 3
  m_MinimumChartSize: 4
  m_AutoUVMaxDistance: 0.5
  m_AutoUVMaxAngle: 89
  m_LightmapParameters: {fileID: 0}
  m_SortingLayerID: 0
  m_SortingOrder: 0
  m_Time: 0.25
  m_Parameters:
    serializedVersion: 2
    widthMultiplier: 0.01
    widthCurve:
      serializedVersion: 2
      m_Curve:
      - serializedVersion: 2
        time: 0.01459854
        value: 1
        inSlope: 0
        outSlope: 0
        tangentMode: 0
      - serializedVersion: 2
        time: 0.51351345
        value: 0.02702704
        inSlope: 0
        outSlope: 0
        tangentMode: 0
      m_PreInfinity: 2
      m_PostInfinity: 2
      m_RotationOrder: 0
    colorGradient:
      key0:
        serializedVersion: 2
        rgba: 4294967295
      key1:
        serializedVersion: 2
        rgba: 4294967295
      key2:
        serializedVersion: 2
        rgba: 0
      key3:
        serializedVersion: 2
        rgba: 0
      key4:
        serializedVersion: 2
        rgba: 0
      key5:
        serializedVersion: 2
        rgba: 0
      key6:
        serializedVersion: 2
        rgba: 0
      key7:
        serializedVersion: 2
        rgba: 0
      ctime0: 0
      ctime1: 65535
      ctime2: 0
      ctime3: 0
      ctime4: 0
      ctime5: 0
      ctime6: 0
      ctime7: 0
      atime0: 0
      atime1: 65535
      atime2: 0
      atime3: 0
      atime4: 0
      atime5: 0
      atime6: 0
      atime7: 0
      m_Mode: 0
      m_NumColorKeys: 2
      m_NumAlphaKeys: 2
    numCornerVertices: 0
    numCapVertices: 0
    alignment: 0
    textureMode: 0
  m_MinVertexDistance: 0.04
  m_Autodestruct: 0
--- !u!96 &96965867032080374
TrailRenderer:
  serializedVersion: 2
  m_ObjectHideFlags: 1
  m_PrefabParentObject: {fileID: 0}
  m_PrefabInternal: {fileID: 100100000}
  m_GameObject: {fileID: 1881196510869998}
  m_Enabled: 1
  m_CastShadows: 1
  m_ReceiveShadows: 0
  m_MotionVectors: 1
  m_LightProbeUsage: 0
  m_ReflectionProbeUsage: 0
  m_Materials:
  - {fileID: 2100000, guid: 3fd1000d0f291474fab67010114d8a4e, type: 2}
  m_StaticBatchInfo:
    firstSubMesh: 0
    subMeshCount: 0
  m_StaticBatchRoot: {fileID: 0}
  m_ProbeAnchor: {fileID: 0}
  m_LightProbeVolumeOverride: {fileID: 0}
  m_ScaleInLightmap: 1
  m_PreserveUVs: 0
  m_IgnoreNormalsForChartDetection: 0
  m_ImportantGI: 0
  m_SelectedEditorRenderState: 3
  m_MinimumChartSize: 4
  m_AutoUVMaxDistance: 0.5
  m_AutoUVMaxAngle: 89
  m_LightmapParameters: {fileID: 0}
  m_SortingLayerID: 0
  m_SortingOrder: 0
  m_Time: 0.25
  m_Parameters:
    serializedVersion: 2
    widthMultiplier: 0.01
    widthCurve:
      serializedVersion: 2
      m_Curve:
      - serializedVersion: 2
        time: 0.01459854
        value: 1
        inSlope: 0
        outSlope: 0
        tangentMode: 0
      - serializedVersion: 2
        time: 0.51351345
        value: 0.02702704
        inSlope: 0
        outSlope: 0
        tangentMode: 0
      m_PreInfinity: 2
      m_PostInfinity: 2
      m_RotationOrder: 0
    colorGradient:
      key0:
        serializedVersion: 2
        rgba: 4294967295
      key1:
        serializedVersion: 2
        rgba: 4294967295
      key2:
        serializedVersion: 2
        rgba: 0
      key3:
        serializedVersion: 2
        rgba: 0
      key4:
        serializedVersion: 2
        rgba: 0
      key5:
        serializedVersion: 2
        rgba: 0
      key6:
        serializedVersion: 2
        rgba: 0
      key7:
        serializedVersion: 2
        rgba: 0
      ctime0: 0
      ctime1: 65535
      ctime2: 0
      ctime3: 0
      ctime4: 0
      ctime5: 0
      ctime6: 0
      ctime7: 0
      atime0: 0
      atime1: 65535
      atime2: 0
      atime3: 0
      atime4: 0
      atime5: 0
      atime6: 0
      atime7: 0
      m_Mode: 0
      m_NumColorKeys: 2
      m_NumAlphaKeys: 2
    numCornerVertices: 0
    numCapVertices: 0
    alignment: 0
    textureMode: 0
  m_MinVertexDistance: 0.04
  m_Autodestruct: 0
--- !u!114 &114220572102349792
MonoBehaviour:
  m_ObjectHideFlags: 1
  m_PrefabParentObject: {fileID: 0}
  m_PrefabInternal: {fileID: 100100000}
  m_GameObject: {fileID: 1580765901250726}
  m_Enabled: 1
  m_EditorHideFlags: 0
  m_Script: {fileID: 185759285, guid: 0472bdc8d6d15384d98f22ee34302f9c, type: 3}
  m_Name: 
  m_EditorClassIdentifier: 
  _quads:
  - _indices: 020000000100000000000000
    _distinctIndices: 020000000100000000000000
    _edges:
    - x: 2
      y: 1
    - x: 1
      y: 0
    - x: 0
      y: 2
    _smoothingGroup: 0
    _uv:
      useWorldSpace: 0
      flipU: 0
      flipV: 0
      swapUV: 0
      fill: 1
      scale: {x: 1, y: 1}
      offset: {x: 0, y: 0}
      rotation: 0
      justify: 0
      localPivot: {x: 0.043949317, y: 0.15694582}
      localSize: {x: 0, y: 0}
      anchor: 6
    _mat: {fileID: 2100000, guid: 55296d1b6ee54e14e8eb4648d4b448ee, type: 2}
    manualUV: 0
    elementGroup: 0
    textureGroup: -1
  - _indices: 030000000400000005000000
    _distinctIndices: 030000000400000005000000
    _edges:
    - x: 3
      y: 4
    - x: 4
      y: 5
    - x: 5
      y: 3
    _smoothingGroup: 0
    _uv:
      useWorldSpace: 0
      flipU: 0
      flipV: 0
      swapUV: 0
      fill: 1
      scale: {x: 1, y: 1}
      offset: {x: 0, y: 0}
      rotation: 0
      justify: 0
      localPivot: {x: 0.05, y: 0.020615531}
      localSize: {x: 0, y: 0}
      anchor: 6
    _mat: {fileID: 2100000, guid: 55296d1b6ee54e14e8eb4648d4b448ee, type: 2}
    manualUV: 0
    elementGroup: 0
    textureGroup: -1
  - _indices: 080000000700000006000000
    _distinctIndices: 080000000700000006000000
    _edges:
    - x: 8
      y: 7
    - x: 7
      y: 6
    - x: 6
      y: 8
    _smoothingGroup: 0
    _uv:
      useWorldSpace: 0
      flipU: 0
      flipV: 0
      swapUV: 0
      fill: 1
      scale: {x: 1, y: 1}
      offset: {x: 0, y: 0}
      rotation: 0
      justify: 0
      localPivot: {x: 0.04000002, y: 0.15628502}
      localSize: {x: 0, y: 0}
      anchor: 6
    _mat: {fileID: 2100000, guid: 55296d1b6ee54e14e8eb4648d4b448ee, type: 2}
    manualUV: 0
    elementGroup: 0
    textureGroup: -1
  - _indices: 090000000a0000000b000000
    _distinctIndices: 090000000a0000000b000000
    _edges:
    - x: 9
      y: 10
    - x: 10
      y: 11
    - x: 11
      y: 9
    _smoothingGroup: 0
    _uv:
      useWorldSpace: 0
      flipU: 0
      flipV: 0
      swapUV: 0
      fill: 1
      scale: {x: 1, y: 1}
      offset: {x: 0, y: 0}
      rotation: 0
      justify: 0
      localPivot: {x: 0.04000002, y: 0.020615531}
      localSize: {x: 0, y: 0}
      anchor: 6
    _mat: {fileID: 2100000, guid: 55296d1b6ee54e14e8eb4648d4b448ee, type: 2}
    manualUV: 0
    elementGroup: 0
    textureGroup: -1
  - _indices: 0e0000000d0000000c000000
    _distinctIndices: 0e0000000d0000000c000000
    _edges:
    - x: 14
      y: 13
    - x: 13
      y: 12
    - x: 12
      y: 14
    _smoothingGroup: 0
    _uv:
      useWorldSpace: 0
      flipU: 0
      flipV: 0
      swapUV: 0
      fill: 1
      scale: {x: 1, y: 1}
      offset: {x: 0, y: 0}
      rotation: 0
      justify: 0
      localPivot: {x: 0.03989124, y: 0.15809897}
      localSize: {x: 0, y: 0}
      anchor: 6
    _mat: {fileID: 2100000, guid: 55296d1b6ee54e14e8eb4648d4b448ee, type: 2}
    manualUV: 0
    elementGroup: 0
    textureGroup: -1
  - _indices: 0f0000001000000011000000
    _distinctIndices: 0f0000001000000011000000
    _edges:
    - x: 15
      y: 16
    - x: 16
      y: 17
    - x: 17
      y: 15
    _smoothingGroup: 0
    _uv:
      useWorldSpace: 0
      flipU: 0
      flipV: 0
      swapUV: 0
      fill: 1
      scale: {x: 1, y: 1}
      offset: {x: 0, y: 0}
      rotation: 0
      justify: 0
      localPivot: {x: 0.05, y: 0.020615537}
      localSize: {x: 0, y: 0}
      anchor: 6
    _mat: {fileID: 2100000, guid: 55296d1b6ee54e14e8eb4648d4b448ee, type: 2}
    manualUV: 0
    elementGroup: 0
    textureGroup: -1
  - _indices: 140000001300000012000000
    _distinctIndices: 140000001300000012000000
    _edges:
    - x: 20
      y: 19
    - x: 19
      y: 18
    - x: 18
      y: 20
    _smoothingGroup: 0
    _uv:
      useWorldSpace: 0
      flipU: 0
      flipV: 0
      swapUV: 0
      fill: 1
      scale: {x: 1, y: 1}
      offset: {x: 0, y: 0}
      rotation: 0
      justify: 0
      localPivot: {x: 0.04905724, y: 0.15634015}
      localSize: {x: 0, y: 0}
      anchor: 6
    _mat: {fileID: 2100000, guid: 55296d1b6ee54e14e8eb4648d4b448ee, type: 2}
    manualUV: 0
    elementGroup: 0
    textureGroup: -1
  - _indices: 150000001600000017000000
    _distinctIndices: 150000001600000017000000
    _edges:
    - x: 21
      y: 22
    - x: 22
      y: 23
    - x: 23
      y: 21
    _smoothingGroup: 0
    _uv:
      useWorldSpace: 0
      flipU: 0
      flipV: 0
      swapUV: 0
      fill: 1
      scale: {x: 1, y: 1}
      offset: {x: 0, y: 0}
      rotation: 0
      justify: 0
      localPivot: {x: 0.05, y: 0.020615531}
      localSize: {x: 0, y: 0}
      anchor: 6
    _mat: {fileID: 2100000, guid: 55296d1b6ee54e14e8eb4648d4b448ee, type: 2}
    manualUV: 0
    elementGroup: 0
    textureGroup: -1
  - _indices: 1a0000001900000018000000
    _distinctIndices: 1a0000001900000018000000
    _edges:
    - x: 26
      y: 25
    - x: 25
      y: 24
    - x: 24
      y: 26
    _smoothingGroup: 0
    _uv:
      useWorldSpace: 0
      flipU: 0
      flipV: 0
      swapUV: 0
      fill: 1
      scale: {x: 1, y: 1}
      offset: {x: 0, y: 0}
      rotation: 0
      justify: 0
      localPivot: {x: 0.01999998, y: 0.15628502}
      localSize: {x: 0, y: 0}
      anchor: 6
    _mat: {fileID: 2100000, guid: 55296d1b6ee54e14e8eb4648d4b448ee, type: 2}
    manualUV: 0
    elementGroup: 0
    textureGroup: -1
  - _indices: 1b0000001c0000001d000000
    _distinctIndices: 1b0000001c0000001d000000
    _edges:
    - x: 27
      y: 28
    - x: 28
      y: 29
    - x: 29
      y: 27
    _smoothingGroup: 0
    _uv:
      useWorldSpace: 0
      flipU: 0
      flipV: 0
      swapUV: 0
      fill: 1
      scale: {x: 1, y: 1}
      offset: {x: 0, y: 0}
      rotation: 0
      justify: 0
      localPivot: {x: 0.01999998, y: 0.020615531}
      localSize: {x: 0, y: 0}
      anchor: 6
    _mat: {fileID: 2100000, guid: 55296d1b6ee54e14e8eb4648d4b448ee, type: 2}
    manualUV: 0
    elementGroup: 0
    textureGroup: -1
  - _indices: 200000001f0000001e000000
    _distinctIndices: 200000001f0000001e000000
    _edges:
    - x: 32
      y: 31
    - x: 31
      y: 30
    - x: 30
      y: 32
    _smoothingGroup: 0
    _uv:
      useWorldSpace: 0
      flipU: 0
      flipV: 0
      swapUV: 0
      fill: 1
      scale: {x: 1, y: 1}
      offset: {x: 0, y: 0}
      rotation: 0
      justify: 0
      localPivot: {x: 0.04394932, y: 0.15694582}
      localSize: {x: 0, y: 0}
      anchor: 6
    _mat: {fileID: 2100000, guid: 55296d1b6ee54e14e8eb4648d4b448ee, type: 2}
    manualUV: 0
    elementGroup: 0
    textureGroup: -1
  - _indices: 210000002200000023000000
    _distinctIndices: 210000002200000023000000
    _edges:
    - x: 33
      y: 34
    - x: 34
      y: 35
    - x: 35
      y: 33
    _smoothingGroup: 0
    _uv:
      useWorldSpace: 0
      flipU: 0
      flipV: 0
      swapUV: 0
      fill: 1
      scale: {x: 1, y: 1}
      offset: {x: 0, y: 0}
      rotation: 0
      justify: 0
      localPivot: {x: 0.05, y: 0.020615531}
      localSize: {x: 0, y: 0}
      anchor: 6
    _mat: {fileID: 2100000, guid: 55296d1b6ee54e14e8eb4648d4b448ee, type: 2}
    manualUV: 0
    elementGroup: 0
    textureGroup: -1
  _sharedIndices:
  - array: 00000000030000001f00000022000000
  - array: 01000000040000000600000009000000
  - array: 02000000080000000e000000140000001a00000020000000
  - array: 050000000b00000011000000170000001d00000023000000
  - array: 070000000a0000000c0000000f000000
  - array: 0d000000100000001200000015000000
  - array: 1300000016000000180000001b000000
  - array: 190000001c0000001e00000021000000
  _vertices:
  - {x: 0, y: 0, z: 0}
  - {x: -0.07039988, y: -0.010000009, z: 0.040000003}
  - {x: -0.1, y: 0.3, z: 0}
  - {x: 0, y: 0, z: 0}
  - {x: -0.07039988, y: -0.010000009, z: 0.040000003}
  - {x: -0.1, y: 0, z: 0}
  - {x: -0.07039988, y: -0.010000009, z: 0.040000003}
  - {x: -0.15039992, y: -0.010000009, z: 0.040000003}
  - {x: -0.1, y: 0.3, z: 0}
  - {x: -0.07039988, y: -0.010000009, z: 0.040000003}
  - {x: -0.15039992, y: -0.010000009, z: 0.040000003}
  - {x: -0.1, y: 0, z: 0}
  - {x: -0.15039992, y: -0.010000009, z: 0.040000003}
  - {x: -0.2, y: 0, z: -0.000000008742278}
  - {x: -0.1, y: 0.3, z: 0}
  - {x: -0.15039992, y: -0.010000009, z: 0.040000003}
  - {x: -0.2, y: 0, z: -0.000000008742278}
  - {x: -0.1, y: 0, z: 0}
  - {x: -0.2, y: 0, z: -0.000000008742278}
  - {x: -0.11039984, y: -0.010000019, z: -0.04}
  - {x: -0.1, y: 0.3, z: 0}
  - {x: -0.2, y: 0, z: -0.000000008742278}
  - {x: -0.11039984, y: -0.010000019, z: -0.04}
  - {x: -0.1, y: 0, z: 0}
  - {x: -0.11039984, y: -0.010000019, z: -0.04}
  - {x: -0.07039988, y: -0.010000019, z: -0.04}
  - {x: -0.1, y: 0.3, z: 0}
  - {x: -0.11039984, y: -0.010000019, z: -0.04}
  - {x: -0.07039988, y: -0.010000019, z: -0.04}
  - {x: -0.1, y: 0, z: 0}
  - {x: -0.07039988, y: -0.010000019, z: -0.04}
  - {x: 0, y: 0, z: 0}
  - {x: -0.1, y: 0.3, z: 0}
  - {x: -0.07039988, y: -0.010000019, z: -0.04}
  - {x: 0, y: 0, z: 0}
  - {x: -0.1, y: 0, z: 0}
  _uv:
  - {x: 0, y: 0.010125546}
  - {x: 0.08095441, y: 0}
  - {x: 0.087898634, y: 0.31389165}
  - {x: 0, y: 0}
  - {x: 0.07039988, y: 0.041231062}
  - {x: 0.1, y: 0}
  - {x: 0, y: 0}
  - {x: 0.08000004, y: 0}
  - {x: 0.029600121, y: 0.31257004}
  - {x: 0, y: 0.041231062}
  - {x: 0.08000004, y: 0.041231062}
  - {x: 0.029600121, y: 0}
  - {x: 0.016094722, y: 0}
  - {x: 0.07978248, y: 0.010199944}
  - {x: 0, y: 0.31619793}
  - {x: 0.05039992, y: 0.041231073}
  - {x: 0.1, y: 0}
  - {x: 0, y: 0.000000008933013}
  - {x: 0, y: 0.01008648}
  - {x: 0.09811448, y: 0}
  - {x: 0.091853075, y: 0.3126803}
  - {x: 0.1, y: 0.04123105}
  - {x: 0.010399841, y: 0}
  - {x: 0, y: 0.041231062}
  - {x: 0, y: 0}
  - {x: 0.03999996, y: 0}
  - {x: 0.010399841, y: 0.31257004}
  - {x: 0.03999996, y: 0}
  - {x: 0, y: 0}
  - {x: 0.029600121, y: 0.041231062}
  - {x: 0.0069442317, y: 0}
  - {x: 0.08789864, y: 0.010125556}
  - {x: 0, y: 0.31389165}
  - {x: 0.07039988, y: 0}
  - {x: 0, y: 0.041231062}
  - {x: 0.1, y: 0.041231062}
  _uv3: []
  _uv4: []
  _tangents: []
  _sharedIndicesUV: []
  _colors:
  - {r: 1, g: 1, b: 1, a: 1}
  - {r: 1, g: 1, b: 1, a: 1}
  - {r: 1, g: 1, b: 1, a: 1}
  - {r: 1, g: 1, b: 1, a: 1}
  - {r: 1, g: 1, b: 1, a: 1}
  - {r: 1, g: 1, b: 1, a: 1}
  - {r: 1, g: 1, b: 1, a: 1}
  - {r: 1, g: 1, b: 1, a: 1}
  - {r: 1, g: 1, b: 1, a: 1}
  - {r: 1, g: 1, b: 1, a: 1}
  - {r: 1, g: 1, b: 1, a: 1}
  - {r: 1, g: 1, b: 1, a: 1}
  - {r: 1, g: 1, b: 1, a: 1}
  - {r: 1, g: 1, b: 1, a: 1}
  - {r: 1, g: 1, b: 1, a: 1}
  - {r: 1, g: 1, b: 1, a: 1}
  - {r: 1, g: 1, b: 1, a: 1}
  - {r: 1, g: 1, b: 1, a: 1}
  - {r: 1, g: 1, b: 1, a: 1}
  - {r: 1, g: 1, b: 1, a: 1}
  - {r: 1, g: 1, b: 1, a: 1}
  - {r: 1, g: 1, b: 1, a: 1}
  - {r: 1, g: 1, b: 1, a: 1}
  - {r: 1, g: 1, b: 1, a: 1}
  - {r: 1, g: 1, b: 1, a: 1}
  - {r: 1, g: 1, b: 1, a: 1}
  - {r: 1, g: 1, b: 1, a: 1}
  - {r: 1, g: 1, b: 1, a: 1}
  - {r: 1, g: 1, b: 1, a: 1}
  - {r: 1, g: 1, b: 1, a: 1}
  - {r: 1, g: 1, b: 1, a: 1}
  - {r: 1, g: 1, b: 1, a: 1}
  - {r: 1, g: 1, b: 1, a: 1}
  - {r: 1, g: 1, b: 1, a: 1}
  - {r: 1, g: 1, b: 1, a: 1}
  - {r: 1, g: 1, b: 1, a: 1}
  userCollisions: 0
  isSelectable: 1
  unwrapParameters:
    hardAngle: 88
    packMargin: 4
    angleError: 8
    areaError: 15
  asset_guid: 
  dontDestroyMeshOnDelete: 0
  m_selectedFaces: 
  m_SelectedEdges: []
  m_selectedTriangles: 
--- !u!114 &114321155103344986
MonoBehaviour:
  m_ObjectHideFlags: 1
  m_PrefabParentObject: {fileID: 0}
  m_PrefabInternal: {fileID: 100100000}
  m_GameObject: {fileID: 1992995444668300}
  m_Enabled: 1
  m_EditorHideFlags: 0
  m_Script: {fileID: 16342205, guid: 0472bdc8d6d15384d98f22ee34302f9c, type: 3}
  m_Name: 
  m_EditorClassIdentifier: 
  _entityType: 0
--- !u!114 &114368415870197664
MonoBehaviour:
  m_ObjectHideFlags: 1
  m_PrefabParentObject: {fileID: 0}
  m_PrefabInternal: {fileID: 100100000}
  m_GameObject: {fileID: 1004564200690248}
  m_Enabled: 1
  m_EditorHideFlags: 0
  m_Script: {fileID: 11500000, guid: b63e10c1c4a11e4469effa88bac57730, type: 3}
  m_Name: 
  m_EditorClassIdentifier: 
  damagePerShot: 100
  timeBetweenBullets: 0.15
  range: 5
  shootLine: {fileID: 1353720836946650}
  shootLayer: ShootableBlue
--- !u!114 &114399916216710030
MonoBehaviour:
  m_ObjectHideFlags: 1
  m_PrefabParentObject: {fileID: 0}
  m_PrefabInternal: {fileID: 100100000}
  m_GameObject: {fileID: 1992995444668300}
  m_Enabled: 1
  m_EditorHideFlags: 0
  m_Script: {fileID: 185759285, guid: 0472bdc8d6d15384d98f22ee34302f9c, type: 3}
  m_Name: 
  m_EditorClassIdentifier: 
  _quads:
  - _indices: 020000000100000000000000
    _distinctIndices: 020000000100000000000000
    _edges:
    - x: 2
      y: 1
    - x: 1
      y: 0
    - x: 0
      y: 2
    _smoothingGroup: 0
    _uv:
      useWorldSpace: 0
      flipU: 0
      flipV: 0
      swapUV: 0
      fill: 1
      scale: {x: 1, y: 1}
      offset: {x: 0, y: 0}
      rotation: 0
      justify: 0
      localPivot: {x: 0.058590323, y: 0.030197132}
      localSize: {x: 0, y: 0}
      anchor: 6
    _mat: {fileID: 2100000, guid: 55296d1b6ee54e14e8eb4648d4b448ee, type: 2}
    manualUV: 0
    elementGroup: 0
    textureGroup: -1
  - _indices: 030000000400000005000000
    _distinctIndices: 030000000400000005000000
    _edges:
    - x: 3
      y: 4
    - x: 4
      y: 5
    - x: 5
      y: 3
    _smoothingGroup: 0
    _uv:
      useWorldSpace: 0
      flipU: 0
      flipV: 0
      swapUV: 0
      fill: 1
      scale: {x: 1, y: 1}
      offset: {x: 0, y: 0}
      rotation: 0
      justify: 0
      localPivot: {x: 0.06999998, y: 0.020615533}
      localSize: {x: 0, y: 0}
      anchor: 6
    _mat: {fileID: 2100000, guid: 55296d1b6ee54e14e8eb4648d4b448ee, type: 2}
    manualUV: 0
    elementGroup: 0
    textureGroup: -1
  - _indices: 080000000700000006000000
    _distinctIndices: 080000000700000006000000
    _edges:
    - x: 8
      y: 7
    - x: 7
      y: 6
    - x: 6
      y: 8
    _smoothingGroup: 0
    _uv:
      useWorldSpace: 0
      flipU: 0
      flipV: 0
      swapUV: 0
      fill: 1
      scale: {x: 1, y: 1}
      offset: {x: 0, y: 0}
      rotation: 0
      justify: 0
      localPivot: {x: 0.04000002, y: 0.029814642}
      localSize: {x: 0, y: 0}
      anchor: 6
    _mat: {fileID: 2100000, guid: 55296d1b6ee54e14e8eb4648d4b448ee, type: 2}
    manualUV: 0
    elementGroup: 0
    textureGroup: -1
  - _indices: 090000000a0000000b000000
    _distinctIndices: 090000000a0000000b000000
    _edges:
    - x: 9
      y: 10
    - x: 10
      y: 11
    - x: 11
      y: 9
    _smoothingGroup: 0
    _uv:
      useWorldSpace: 0
      flipU: 0
      flipV: 0
      swapUV: 0
      fill: 1
      scale: {x: 1, y: 1}
      offset: {x: 0, y: 0}
      rotation: 0
      justify: 0
      localPivot: {x: 0.04000002, y: 0.020615531}
      localSize: {x: 0, y: 0}
      anchor: 6
    _mat: {fileID: 2100000, guid: 55296d1b6ee54e14e8eb4648d4b448ee, type: 2}
    manualUV: 0
    elementGroup: 0
    textureGroup: -1
  - _indices: 0e0000000d0000000c000000
    _distinctIndices: 0e0000000d0000000c000000
    _edges:
    - x: 14
      y: 13
    - x: 13
      y: 12
    - x: 12
      y: 14
    _smoothingGroup: 0
    _uv:
      useWorldSpace: 0
      flipU: 0
      flipV: 0
      swapUV: 0
      fill: 1
      scale: {x: 1, y: 1}
      offset: {x: 0, y: 0}
      rotation: 0
      justify: 0
      localPivot: {x: 0.06317487, y: 0.023594547}
      localSize: {x: 0, y: 0}
      anchor: 6
    _mat: {fileID: 2100000, guid: 55296d1b6ee54e14e8eb4648d4b448ee, type: 2}
    manualUV: 0
    elementGroup: 0
    textureGroup: -1
  - _indices: 0f0000001000000011000000
    _distinctIndices: 0f0000001000000011000000
    _edges:
    - x: 15
      y: 16
    - x: 16
      y: 17
    - x: 17
      y: 15
    _smoothingGroup: 0
    _uv:
      useWorldSpace: 0
      flipU: 0
      flipV: 0
      swapUV: 0
      fill: 1
      scale: {x: 1, y: 1}
      offset: {x: 0, y: 0}
      rotation: 0
      justify: 0
      localPivot: {x: 0.050005198, y: 0.020607535}
      localSize: {x: 0, y: 0}
      anchor: 6
    _mat: {fileID: 2100000, guid: 55296d1b6ee54e14e8eb4648d4b448ee, type: 2}
    manualUV: 0
    elementGroup: 0
    textureGroup: -1
  - _indices: 140000001300000012000000
    _distinctIndices: 140000001300000012000000
    _edges:
    - x: 20
      y: 19
    - x: 19
      y: 18
    - x: 18
      y: 20
    _smoothingGroup: 0
    _uv:
      useWorldSpace: 0
      flipU: 0
      flipV: 0
      swapUV: 0
      fill: 1
      scale: {x: 1, y: 1}
      offset: {x: 0, y: 0}
      rotation: 0
      justify: 0
      localPivot: {x: 0.0631583, y: 0.02933105}
      localSize: {x: 0, y: 0}
      anchor: 6
    _mat: {fileID: 2100000, guid: 55296d1b6ee54e14e8eb4648d4b448ee, type: 2}
    manualUV: 0
    elementGroup: 0
    textureGroup: -1
  - _indices: 150000001600000017000000
    _distinctIndices: 150000001600000017000000
    _edges:
    - x: 21
      y: 22
    - x: 22
      y: 23
    - x: 23
      y: 21
    _smoothingGroup: 0
    _uv:
      useWorldSpace: 0
      flipU: 0
      flipV: 0
      swapUV: 0
      fill: 1
      scale: {x: 1, y: 1}
      offset: {x: 0, y: 0}
      rotation: 0
      justify: 0
      localPivot: {x: 0.050005194, y: 0.020597765}
      localSize: {x: 0, y: 0}
      anchor: 6
    _mat: {fileID: 2100000, guid: 55296d1b6ee54e14e8eb4648d4b448ee, type: 2}
    manualUV: 0
    elementGroup: 0
    textureGroup: -1
  - _indices: 1a0000001900000018000000
    _distinctIndices: 1a0000001900000018000000
    _edges:
    - x: 26
      y: 25
    - x: 25
      y: 24
    - x: 24
      y: 26
    _smoothingGroup: 0
    _uv:
      useWorldSpace: 0
      flipU: 0
      flipV: 0
      swapUV: 0
      fill: 1
      scale: {x: 1, y: 1}
      offset: {x: 0, y: 0}
      rotation: 0
      justify: 0
      localPivot: {x: 0.01999998, y: 0.03295791}
      localSize: {x: 0, y: 0}
      anchor: 6
    _mat: {fileID: 2100000, guid: 55296d1b6ee54e14e8eb4648d4b448ee, type: 2}
    manualUV: 0
    elementGroup: 0
    textureGroup: -1
  - _indices: 1b0000001c0000001d000000
    _distinctIndices: 1b0000001c0000001d000000
    _edges:
    - x: 27
      y: 28
    - x: 28
      y: 29
    - x: 29
      y: 27
    _smoothingGroup: 0
    _uv:
      useWorldSpace: 0
      flipU: 0
      flipV: 0
      swapUV: 0
      fill: 1
      scale: {x: 1, y: 1}
      offset: {x: 0, y: 0}
      rotation: 0
      justify: 0
      localPivot: {x: 0.01999998, y: 0.020615531}
      localSize: {x: 0, y: 0}
      anchor: 6
    _mat: {fileID: 2100000, guid: 55296d1b6ee54e14e8eb4648d4b448ee, type: 2}
    manualUV: 0
    elementGroup: 0
    textureGroup: -1
  - _indices: 200000001f0000001e000000
    _distinctIndices: 200000001f0000001e000000
    _edges:
    - x: 32
      y: 31
    - x: 31
      y: 30
    - x: 30
      y: 32
    _smoothingGroup: 0
    _uv:
      useWorldSpace: 0
      flipU: 0
      flipV: 0
      swapUV: 0
      fill: 1
      scale: {x: 1, y: 1}
      offset: {x: 0, y: 0}
      rotation: 0
      justify: 0
      localPivot: {x: 0.058518484, y: 0.033280768}
      localSize: {x: 0, y: 0}
      anchor: 6
    _mat: {fileID: 2100000, guid: 55296d1b6ee54e14e8eb4648d4b448ee, type: 2}
    manualUV: 0
    elementGroup: 0
    textureGroup: -1
  - _indices: 210000002200000023000000
    _distinctIndices: 210000002200000023000000
    _edges:
    - x: 33
      y: 34
    - x: 34
      y: 35
    - x: 35
      y: 33
    _smoothingGroup: 0
    _uv:
      useWorldSpace: 0
      flipU: 0
      flipV: 0
      swapUV: 0
      fill: 1
      scale: {x: 1, y: 1}
      offset: {x: 0, y: 0}
      rotation: 0
      justify: 0
      localPivot: {x: 0.06999998, y: 0.020615568}
      localSize: {x: 0, y: 0}
      anchor: 6
    _mat: {fileID: 2100000, guid: 55296d1b6ee54e14e8eb4648d4b448ee, type: 2}
    manualUV: 0
    elementGroup: 0
    textureGroup: -1
  _sharedIndices:
  - array: 00000000030000001f00000022000000
  - array: 01000000040000000600000009000000
  - array: 02000000080000000e000000140000001a00000020000000
  - array: 050000000b00000011000000170000001d00000023000000
  - array: 070000000a0000000c0000000f000000
  - array: 0d000000100000001200000015000000
  - array: 1300000016000000180000001b000000
  - array: 190000001c0000001e00000021000000
  _vertices:
  - {x: 0.03999996, y: 0.00000006953792, z: 0.00000006927321}
  - {x: -0.07039988, y: -0.010000009, z: 0.040000003}
  - {x: -0.07999992, y: 0.038228, z: 0.0049327696}
  - {x: 0.03999996, y: 0.00000006953792, z: 0.00000006927321}
  - {x: -0.07039988, y: -0.010000009, z: 0.040000003}
  - {x: -0.1, y: 0, z: 0}
  - {x: -0.07039988, y: -0.010000009, z: 0.040000003}
  - {x: -0.15039992, y: -0.010000009, z: 0.040000003}
  - {x: -0.07999992, y: 0.038228, z: 0.0049327696}
  - {x: -0.07039988, y: -0.010000009, z: 0.040000003}
  - {x: -0.15039992, y: -0.010000009, z: 0.040000003}
  - {x: -0.1, y: 0, z: 0}
  - {x: -0.15039992, y: -0.010000009, z: 0.040000003}
  - {x: -0.19999993, y: -0.0014471755, z: -0.00015502147}
  - {x: -0.07999992, y: 0.038228, z: 0.0049327696}
  - {x: -0.15039992, y: -0.010000009, z: 0.040000003}
  - {x: -0.19999993, y: -0.0014471755, z: -0.00015502147}
  - {x: -0.1, y: 0, z: 0}
  - {x: -0.19999993, y: -0.0014471755, z: -0.00015502147}
  - {x: -0.11039984, y: -0.010000019, z: -0.04}
  - {x: -0.07999992, y: 0.038228, z: 0.0049327696}
  - {x: -0.19999993, y: -0.0014471755, z: -0.00015502147}
  - {x: -0.11039984, y: -0.010000019, z: -0.04}
  - {x: -0.1, y: 0, z: 0}
  - {x: -0.11039984, y: -0.010000019, z: -0.04}
  - {x: -0.07039988, y: -0.010000019, z: -0.04}
  - {x: -0.07999992, y: 0.038228, z: 0.0049327696}
  - {x: -0.11039984, y: -0.010000019, z: -0.04}
  - {x: -0.07039988, y: -0.010000019, z: -0.04}
  - {x: -0.1, y: 0, z: 0}
  - {x: -0.07039988, y: -0.010000019, z: -0.04}
  - {x: 0.03999996, y: 0.00000006953792, z: 0.00000006927321}
  - {x: -0.07999992, y: 0.038228, z: 0.0049327696}
  - {x: -0.07039988, y: -0.010000019, z: -0.04}
  - {x: 0.03999996, y: 0.00000006953792, z: 0.00000006927321}
  - {x: -0.1, y: 0, z: 0}
  _uv:
  - {x: 0, y: 0.012522753}
  - {x: 0.117180645, y: 0}
  - {x: 0.1165933, y: 0.060394265}
  - {x: 0, y: 0.00000007140521}
  - {x: 0.11039985, y: 0.041231066}
  - {x: 0.13999996, y: 0}
  - {x: 0, y: 0}
  - {x: 0.08000004, y: 0}
  - {x: 0.009600043, y: 0.059629284}
  - {x: 0, y: 0.041231062}
  - {x: 0.08000004, y: 0.041231062}
  - {x: 0.029600121, y: 0}
  - {x: 0.043805555, y: 0.047189094}
  - {x: 0, y: 0}
  - {x: 0.12634975, y: 0.0059790313}
  - {x: 0.050542668, y: 0.04121507}
  - {x: 0.100010395, y: 0}
  - {x: 0, y: 0.00015911381}
  - {x: 0, y: 0.052019723}
  - {x: 0.08356374, y: 0}
  - {x: 0.1263166, y: 0.0586621}
  - {x: 0.10001039, y: 0.041035876}
  - {x: 0.010539696, y: 0}
  - {x: 0, y: 0.04119553}
  - {x: 0, y: 0}
  - {x: 0.03999996, y: 0}
  - {x: 0.030399919, y: 0.06591582}
  - {x: 0.03999996, y: 0}
  - {x: 0, y: 0}
  - {x: 0.029600121, y: 0.041231062}
  - {x: 0, y: 0}
  - {x: 0.11703697, y: 0.013801548}
  - {x: 0.0025727227, y: 0.066561535}
  - {x: 0.11039985, y: 0}
  - {x: 0, y: 0.041231137}
  - {x: 0.13999996, y: 0.041231062}
  _uv3: []
  _uv4: []
  _tangents: []
  _sharedIndicesUV: []
  _colors:
  - {r: 1, g: 1, b: 1, a: 1}
  - {r: 1, g: 1, b: 1, a: 1}
  - {r: 1, g: 1, b: 1, a: 1}
  - {r: 1, g: 1, b: 1, a: 1}
  - {r: 1, g: 1, b: 1, a: 1}
  - {r: 1, g: 1, b: 1, a: 1}
  - {r: 1, g: 1, b: 1, a: 1}
  - {r: 1, g: 1, b: 1, a: 1}
  - {r: 1, g: 1, b: 1, a: 1}
  - {r: 1, g: 1, b: 1, a: 1}
  - {r: 1, g: 1, b: 1, a: 1}
  - {r: 1, g: 1, b: 1, a: 1}
  - {r: 1, g: 1, b: 1, a: 1}
  - {r: 1, g: 1, b: 1, a: 1}
  - {r: 1, g: 1, b: 1, a: 1}
  - {r: 1, g: 1, b: 1, a: 1}
  - {r: 1, g: 1, b: 1, a: 1}
  - {r: 1, g: 1, b: 1, a: 1}
  - {r: 1, g: 1, b: 1, a: 1}
  - {r: 1, g: 1, b: 1, a: 1}
  - {r: 1, g: 1, b: 1, a: 1}
  - {r: 1, g: 1, b: 1, a: 1}
  - {r: 1, g: 1, b: 1, a: 1}
  - {r: 1, g: 1, b: 1, a: 1}
  - {r: 1, g: 1, b: 1, a: 1}
  - {r: 1, g: 1, b: 1, a: 1}
  - {r: 1, g: 1, b: 1, a: 1}
  - {r: 1, g: 1, b: 1, a: 1}
  - {r: 1, g: 1, b: 1, a: 1}
  - {r: 1, g: 1, b: 1, a: 1}
  - {r: 1, g: 1, b: 1, a: 1}
  - {r: 1, g: 1, b: 1, a: 1}
  - {r: 1, g: 1, b: 1, a: 1}
  - {r: 1, g: 1, b: 1, a: 1}
  - {r: 1, g: 1, b: 1, a: 1}
  - {r: 1, g: 1, b: 1, a: 1}
  userCollisions: 0
  isSelectable: 1
  unwrapParameters:
    hardAngle: 88
    packMargin: 4
    angleError: 8
    areaError: 15
  asset_guid: 
  dontDestroyMeshOnDelete: 0
  m_selectedFaces: 
  m_SelectedEdges: []
  m_selectedTriangles: 00000000
--- !u!114 &114422232284367210
MonoBehaviour:
  m_ObjectHideFlags: 1
  m_PrefabParentObject: {fileID: 0}
  m_PrefabInternal: {fileID: 100100000}
  m_GameObject: {fileID: 1004564200690248}
  m_Enabled: 1
  m_EditorHideFlags: 0
  m_Script: {fileID: 11500000, guid: ffef523482620b94291f05cf56eac65a, type: 3}
  m_Name: 
  m_EditorClassIdentifier: 
  TagThatKills: EnemyRed
--- !u!114 &114719585377344730
MonoBehaviour:
  m_ObjectHideFlags: 1
  m_PrefabParentObject: {fileID: 0}
  m_PrefabInternal: {fileID: 100100000}
  m_GameObject: {fileID: 1580765901250726}
  m_Enabled: 1
  m_EditorHideFlags: 0
  m_Script: {fileID: 16342205, guid: 0472bdc8d6d15384d98f22ee34302f9c, type: 3}
  m_Name: 
  m_EditorClassIdentifier: 
  _entityType: 0
--- !u!114 &114823885680148154
MonoBehaviour:
  m_ObjectHideFlags: 1
  m_PrefabParentObject: {fileID: 0}
  m_PrefabInternal: {fileID: 100100000}
  m_GameObject: {fileID: 1969774215565382}
  m_Enabled: 0
  m_EditorHideFlags: 0
  m_Script: {fileID: 11500000, guid: dbd24fb0d184c664095d6bd9a0e75754, type: 3}
  m_Name: 
  m_EditorClassIdentifier: 
  active: 1
  color: {r: 0, g: 0.003921569, b: 0.80392164, a: 0}
  thickness: 0.002
  holder: {fileID: 0}
  pointer: {fileID: 1353720836946650}
  addRigidBody: 0
  reference: {fileID: 0}
--- !u!114 &114900374715610510
MonoBehaviour:
  m_ObjectHideFlags: 1
  m_PrefabParentObject: {fileID: 0}
  m_PrefabInternal: {fileID: 100100000}
  m_GameObject: {fileID: 1969774215565382}
  m_Enabled: 0
  m_EditorHideFlags: 0
  m_Script: {fileID: 11500000, guid: d4e8a839a7c5b7e4580c59e305fb5f01, type: 3}
  m_Name: 
  m_EditorClassIdentifier: 
  active: 1
  color: {r: 0, g: 0.003921569, b: 0.80392164, a: 0}
  thickness: 0.2
  holder: {fileID: 0}
  pointer: {fileID: 0}
  addRigidBody: 0
  reference: {fileID: 0}
--- !u!135 &135480564201376518
SphereCollider:
  m_ObjectHideFlags: 1
  m_PrefabParentObject: {fileID: 0}
  m_PrefabInternal: {fileID: 100100000}
  m_GameObject: {fileID: 1004564200690248}
  m_Material: {fileID: 0}
  m_IsTrigger: 0
  m_Enabled: 1
  serializedVersion: 2
  m_Radius: 0.16
  m_Center: {x: 0, y: 0, z: 0}
